@manual{RFC6434,
author = {Jankiewicz, E. and Loughney, J. and Narten, T.},
title = {IPv6 Node Requirements},
titleaddon = {RFC 6434},
type = {Request for Comments},
institution = {Internet Engineering Task Force (IETF)},
year = {2011},
month = {12},
pubstate = {Informational},
url = {http://tools.ietf.org/html/rfc6434},
urldate = {2013-06-29},
issn = {2070-1721},
}

@manual{RFC4302,
author = {Kent, S.},
title = {IP Authentication Header},
titleaddon = {RFC 4302},
type = {Request for Comments},
institution = {Internet Engineering Task Force (IETF) - Network Working Group},
year = {2005},
month = {12},
pubstate = {Proposed Standard},
url = {http://tools.ietf.org/html/rfc4302},
urldate = {2013-06-29}
}

@manual{RFC4303,
author = {Kent, S.},
title = {IP Encapsulating Security Payload (ESP)},
titleaddon = {RFC 4303},
type = {Request for Comments},
institution = {Internet Engineering Task Force (IETF) - Network Working Group},
year = {2005},
month = {12},
pubstate = {Proposed Standard},
url = {http://tools.ietf.org/html/rfc4303},
urldate = {2013-06-29}
}

@manual{RFC3686,
author = {Housley, R.},
title = {Using Advanced Encryption Standard (AES) Counter Mode With IPsec Encapsulating Security Payload (ESP)},
titleaddon = {RFC 3686},
type = {Request for Comments},
institution = {Internet Engineering Task Force (IETF) - Network Working Group},
year = {2004},
month = {01},
pubstate = {Proposed Standard},
url = {http://tools.ietf.org/html/rfc3686},
urldate = {2013-06-29}
}

@manual{RFC3566,
author = {Frankel, S. and Herbert, H.},
title = {The AES-XCBC-MAC-96 Algorithm and Its Use With IPsec},
titleaddon = {RFC 3566},
type = {Request for Comments},
institution = {Internet Engineering Task Force (IETF) - Network Working Group},
year = {2003},
month = {09},
pubstate = {Proposed Standard},
url = {http://tools.ietf.org/html/rfc3566},
urldate = {2013-06-29}
}

@manual{RFC2104,
author = {Krawczyk, H. and Bellare, M. and Canetti, R.},
title = {HMAC: Keyed-Hashing for Message Authentication},
titleaddon = {RFC 2104},
type = {Request for Comments},
institution = {Internet Engineering Task Force (IETF) - Network Working Group},
year = {1997},
month = {02},
pubstate = {Informational},
url = {http://tools.ietf.org/html/rfc2104},
urldate = {2013-06-29}
}

@manual{RFC3602,
author = {Frankel, S. and Glenn, R. and Kelly, S.},
title = {The AES-CBC Cipher Algorithm and Its Use with IPsec},
titleaddon = {RFC 3602},
type = {Request for Comments},
institution = {Internet Engineering Task Force (IETF) - Network Working Group},
year = {2003},
month = {09},
pubstate = {Proposed Standard},
url = {http://tools.ietf.org/html/rfc3602},
urldate = {2013-06-29}
}

@inproceedings{raza11ipsec,
  author = {Shahid Raza and Simon Duquennoy and Tony Chung and Dogan Yazar and Thiemo Voigt and Utz Roedig},
  title = {{Securing Communication in 6LoWPAN with Compressed IPsec}},
  booktitle = {Proceedings of the 7th IEEE International Conference on Distributed Computing in Sensor Systems (IEEE DCOSS 2011)},
  month = jun,
  year = 2011,
  address = {Barcelona, Spain}
}

@inproceedings{raza11ipsecdemo,
  author = {Shahid Raza and Simon Duquennoy and Thiemo Voigt and Utz Roedig},
  title = {{Demo Abstract: Securing Communication in 6LoWPAN with Compressed IPsec}},
  booktitle = {Proceedings of the 7th IEEE International Conference on Distributed Computing in Sensor Systems (IEEE DCOSS 2011)},
  month = jun,
  year = 2011,
  address = {Barcelona, Spain}
}

@manual{S.S0086-B,
author = {Wang, Zhibi},
title = {IMS Security Framework},
titleaddon = {3GPP2 S.S0086-B},
type = {Technical Specification},
institution = {3rd Generation Partnership Project 2},
year = {2008},
month = {02},
url = {http://www.3gpp2.org/public_html/specs/S.S0086-B_v2.0_080222.pdf},
urldate = {2013-06-29}
}

@manual{TS33.210,
author = {Kohlami, Steve},
title = {3G Security; Network Domain Security; IP network layer security (Release 9)},
titleaddon = {3GPP TS 33.210 V9.0.0},
type = {Technical Specification},
institution = {3rd Generation Partnership Project, Technical Specification Group Services and System Aspects},
year = {2009},
month = {12},
url = {http://www.3gpp.org/ftp/Specs/html-info/33210.htm},
urldate = {2013-06-29}
}
